<record><leader>00000cas a22000007a 4500</leader><controlfield tag="001">15742123</controlfield><controlfield tag="008">870528d19461947inuwr ne      0    0eng d</controlfield><datafield ind1=" " ind2=" " tag="010"><subfield code="a">sn 87056228 </subfield></datafield><datafield ind1=" " ind2=" " tag="040"><subfield code="a">NPI</subfield><subfield code="b">eng</subfield><subfield code="c">NPI</subfield><subfield code="d">OCLCQ</subfield></datafield><datafield ind1=" " ind2=" " tag="042"><subfield code="a">msc</subfield></datafield><datafield ind1="0" ind2=" " tag="130"><subfield code="a">Bourbon news-mirror (Bourbon, Ind. : 1946)</subfield></datafield><datafield ind1="1" ind2="0" tag="245"><subfield code="a">Bourbon news mirror.</subfield></datafield><datafield ind1=" " ind2=" " tag="260"><subfield code="a">Bourbon, Marshall County, Ind. :</subfield><subfield code="b">Bennett Bros.,</subfield><subfield code="c">1946-1947.</subfield></datafield><datafield ind1=" " ind2=" " tag="310"><subfield code="a">Weekly</subfield></datafield><datafield ind1="0" ind2=" " tag="362"><subfield code="a">Vol. 75, no. 26 (Apr. 25, 1946)-v. 76, no. 28 (May 8, 1947).</subfield></datafield><datafield ind1=" " ind2=" " tag="752"><subfield code="a">United States</subfield><subfield code="b">Indiana</subfield><subfield code="c">Marshall</subfield><subfield code="d">Bourbon.</subfield></datafield><datafield ind1="0" ind2="0" tag="780"><subfield code="t">News-mirror (Bourbon, Ind. : 1900)</subfield><subfield code="w">(DLC)sn 84045465</subfield></datafield><datafield ind1="0" ind2="0" tag="785"><subfield code="t">News-mirror (Bourbon, Ind. : 1947)</subfield><subfield code="w">(DLC)sn 87056229</subfield></datafield></record>